<?xml version="1.0" encoding="UTF-8"?><record xmlns="http://www.loc.gov/MARC21/slim" xmlns:cinclude="http://apache.org/cocoon/include/1.0" xmlns:zs="http://www.loc.gov/zing/srw/">
  <leader>01585cz  a2200241n  4500</leader>
  <controlfield tag="001">n 2009027194</controlfield>
  <controlfield tag="003">DLC</controlfield>
  <controlfield tag="005">20150105130229.0</controlfield>
  <controlfield tag="008">090501n| acannaabn          |b aba      </controlfield>
  <datafield tag="010" ind1=" " ind2=" ">
    <subfield code="a">n 2009027194</subfield>
  </datafield>
  <datafield tag="040" ind1=" " ind2=" ">
    <subfield code="a">DLC</subfield>
    <subfield code="b">eng</subfield>
    <subfield code="c">DLC</subfield>
    <subfield code="d">DLC</subfield>
  </datafield>
  <datafield tag="100" ind1="1" ind2=" ">
    <subfield code="a">Kim, Chi-yŏn</subfield>
  </datafield>
  <datafield tag="400" ind1="1" ind2=" ">
    <subfield code="a">Kim, Jiyoen</subfield>
  </datafield>
  <datafield tag="400" ind1="1" ind2=" ">
    <subfield code="a">김 지연</subfield>
  </datafield>
  <datafield tag="400" ind1="1" ind2=" ">
    <subfield code="a">김 치연</subfield>
  </datafield>
  <datafield tag="667" ind1=" " ind2=" ">
    <subfield code="a">THIS 1XX FIELD CANNOT BE USED UNDER RDA UNTIL THIS UNDIFFERENTIATED RECORD HAS BEEN HANDLED FOLLOWING THE GUIDELINES IN DCM Z1 008/32</subfield>
  </datafield>
  <datafield tag="667" ind1=" " ind2=" ">
    <subfield code="a">Non-Latin script reference not evaluated</subfield>
  </datafield>
  <datafield tag="670" ind1=" " ind2=" ">
    <subfield code="a">[Added entry of Ch'eje chŏnhwan'guk ŭi sijang kyŏngje kyoyuk kyŏnghŏm i Pukhan e chunŭn sisachŏm]</subfield>
  </datafield>
  <datafield tag="670" ind1=" " ind2=" ">
    <subfield code="a">Cho, Myŏng-ch'ŏl. Ch'eje chŏnhwan'guk ŭi sijang kyŏngje kyoyuk kyŏnghŏm i Pukhan e chunŭn sisachŏm, 2008:</subfield>
    <subfield code="b">t.p. (Kim Chi-yŏn = 김 지연) colophon, etc. (M.S. social work, Univ. of Texas at Austin; researcher, Taeeo Kyŏngje Chŏngch'aek Yŏn'guwŏn Kukche Kaebal Hyŏmnyŏk Sent'ŏ T'ongil Kukche Hyŏmnyŏkt'im; Jiyeon Kim [in rom.])</subfield>
  </datafield>
  <datafield tag="670" ind1=" " ind2=" ">
    <subfield code="a">[Author of Nongŏch'on ŭiryo sŏbisŭ kaesŏn saŏp ŭi sŏngbyŏl yŏnghyang pʻyŏngka]</subfield>
  </datafield>
  <datafield tag="670" ind1=" " ind2=" ">
    <subfield code="a">Nongŏch'on ŭiryo sŏbisŭ kaesŏn saŏp ŭi sŏngbyŏl yŏnghyang p'yŏngka, 2007:</subfield>
    <subfield code="b">t.p. (Kim Chi-yŏn; researcher, Kyŏngnam Palchŏn Yŏnʼguwŏn)</subfield>
  </datafield>
  <datafield tag="670" ind1=" " ind2=" ">
    <subfield code="a">[Author of Hanŭl esŏ parabon Han'guk ŭi sumkyŏl]</subfield>
  </datafield>
  <datafield tag="670" ind1=" " ind2=" ">
    <subfield code="a">Hanŭl esŏ parabon Han'guk ŭi sumkyŏl, 2011-:</subfield>
    <subfield code="b">v. 1, colophon (김 치연 = Kim Ch'i-yŏn; prof., Sangmyŏng Taehakkyo Sanhak Hyŏmnyŏktan)</subfield>
  </datafield>
</record>